1982 3254
510 123 697 170 ARKIV
736 115 851 169 FOR
888 121 1167 170 BOTANIK.

659 221 792 253 ΒΛΝῘ)
819 223 847 254 7.
899 221 966 252 Nn»
991 224 1021 251 8.

93 831 202 885 Sur
237 831 295 883 le
334 831 825 897 (leveloppement
864 831 922 883 et
959 830 1020 882 la
1058 829 1480 883 classifieatiou
1518 830 1587 882 (le

192 932 475 997 quelques
547 933 780 997 especes
817 931 888 984 de
932 931 1485 995 Gloeosporinm.

804 1047 876 1077 Par

723 1143 766 1180 J.
800 1143 958 1179 LIND.

105 1260 375 1300 Communique
402 1261 432 1291 le
463 1261 500 1291 13
525 1260 725 1291 novembre
753 1260 835 1293 1907
863 1269 928 1300 par
955 1260 995 1291 V.
1022 1260 1235 1291 XVITTROCK
1260 1264 1297 1290 et
1320 1260 1354 1291 J.
1382 1261 1592 1291 messox.

340 1467 374 1499 1.
439 1458 801 1512 Gloeosporium
836 1460 1068 1501 silicinum
1099 1459 1341 1500 ROSTRUP.

145 1582 375 1623 Monsieur
406 1582 445 1623 le
477 1582 732 1636 professeur
776 1583 1071 1624 LAGERHEIM
1102 1588 1246 1637 ayant
1277 1583 1541 1631 decouvert,
1575 1597 1651 1624 sur

34 1650 74 1691 la
120 1649 281 1690 fronde
327 1649 383 1690 de
428 1649 651 1704 plusieurs
697 1650 881 1704 especes
917 1650 972 1691 de
1003 1650 1227 1704 fougere-s,
1261 1665 1322 1691 un
1352 1652 1470 1704 petit
1501 1650 1651 1692 cham-

32 1718 202 1770 pignon
233 1717 433 1769 parasite
465 1716 611 1763 blanc,
644 1716 674 1757 il
705 1716 762 1758 l'a
793 1717 956 1758 trouve
988 1717 1106 1757 doue
1137 1717 1194 1757 de
1226 1722 1329 1758 tant
1360 1717 1416 1758 de
1447 1718 1649 1759 caracte-

35 1798 104 1825 res
146 1783 486 1836 remarquables
532 1783 641 1836 qu’il
683 1784 883 1825 meritait
914 1798 976 1825 un
1008 1798 1194 1825 examen
1228 1784 1329 1837 plus
1360 1785 1648 1838 approfondi.

34 1851 101 1892 M.
134 1851 174 1892 le
205 1854 464 1904 professeur
493 1865 520 1892 a
552 1851 655 1892 bien
688 1851 827 1892 voulu
858 1865 928 1892 me
960 1851 1146 1905 charger
1175 1851 1231 1892 de
1262 1857 1333 1892 cet
1365 1866 1570 1899 examen,
1604 1858 1648 1894 et

37 1919 80 1971 je
112 1919 207 1972 prie
238 1917 296 1958 M.
332 1917 371 1958 le
402 1918 660 1972 professeur
704 1919 760 1959 (16
805 1920 1007 1959 reeevoir
1037 1932 1131 1959 mes
1162 1918 1386 1959 meilleurs
1422 1921 1653 1960 remercie-

33 1990 182 2027 ments
228 1985 284 2026 (16
331 1985 571 2026 l’honneur
617 1986 725 2039 qu’il
771 1986 862 2026 m'a
907 1986 1133 2040 temoigne
1175 2000 1258 2040 par
1289 1986 1343 2035 la,
1377 1986 1436 2027 du
1469 2001 1650 2028 secours

35 2052 232 2094 aimable
264 2059 310 2094 et
341 2052 396 2094 de
428 2053 737 2094 l'instruction
769 2053 1105 2107 experimentee
1137 2052 1243 2106 qu‘il
1268 2053 1359 2094 m’a
1380 2054 1650 2108 prodiguees

33 2121 70 2160 si
114 2119 366 2174 largement
416 2120 505 2161 lors
554 2120 610 2161 de
654 2134 761 2160 mon
812 2120 1020 2173 agreable
1066 2120 1219 2172 se'jour
1263 2121 1286 2162 a
1337 2120 1651 2163 »Stockholms

33 2186 306 2240 Hogskola».

143 2253 199 2294 M.
233 2253 284 2294 G.
316 2254 609 2295 LAGERHEIM
654 2253 814 2294 l'avait
845 2253 1095 2295 determine
1127 2268 1301 2295 comme
1332 2255 1649 2297 Exobasidimn

34 2321 230 2361 Bremerz·
290 2321 552 2369 BOUDJER,·'’
611 2326 656 2361 et
688 2320 717 2361 il
748 2322 874 2362 avait
906 2321 1069 2362 trouve'
1099 2321 1413 2363 l’affirmation
1444 2336 1497 2363 en
1531 2337 1649 2363 com-

32 2392 199 2441 parant
230 2387 270 2428 le
306 2387 611 2441 champignon
658 2388 821 2428 trouve
851 2402 962 2430 avec
994 2402 1054 2429 un
1087 2389 1315 2443 specimen
1347 2389 1651 2443 authentique

36 2454 92 2495 de
124 2454 181 2495 M.
216 2454 456 2495 BOUDJER.

146 2522 273 2563 Voici
306 2521 347 2562 la
378 2521 657 2575 description
688 2522 743 2563 de
774 2522 832 2563 M.
868 2523 1116 2564 BOUDIER:

150 2589 380 2629 »Maculae
429 2588 559 2629 albae
610 2589 932 2644 hypophyllae,
986 2604 1079 2631 non
1124 2590 1415 2639 lutescentes,
1450 2592 1650 2632 tenuiter

37 2656 422 2706 membranaceae,
443 2658 549 2695 2-3
568 2669 659 2696 mm
681 2656 814 2705 latae,
839 2657 1107 2711 irregulares
1126 2663 1170 2698 et
1194 2671 1329 2711 saepe
1349 2657 1646 2707 confluentes,

33 2723 92 2763 ad
137 2724 387 2776 marginem
432 2722 690 2772 fibrillosae‚
730 2738 869 2777 supra
900 2724 985 2765 sub
1016 2724 1137 2765 lente
1168 2726 1425 2779 pruinosae,
1460 2725 1591 2766 facile
1622 2740 1649 2766 a

33 2791 228 2831 matrice
264 2790 527 2831 secedentes
558 2795 604 2831 et
634 2804 733 2831 eam
766 2805 858 2831 non
881 2791 1190 2833 deformantes
1211 2796 1294 2832 aut
1314 2792 1644 2841 decolorantes,

34 2871 89 2898 ex
138 2857 330 2910 mycelio
388 2870 606 2898 araneoso
656 2863 703 2899 et
752 2857 938 2899 basidiis
989 2858 1368 2900 clavaeformibus
1417 2859 1647 2913 sporiferis

34 2923 269 2964 formatae.
347 2923 532 2964 Basidia
592 2924 855 2978 irregularia
901 2928 1262 2968 30—40><8—10
1310 2941 1335 2979 μ.
1382 2926 1646 2967 normaliter

126 3006 234 3033 Arlcc'v
259 3006 314 3041 fiir
341 3005 487 3034 botam'lc.
537 3006 636 3034 Bancl
664 3009 691 3035 7.
721 3007 782 3035 N:o
809 3008 838 3036 8.
1543 3008 1555 3037 l
